<?xml version="1.0" encoding="UTF-8"?><collection xmlns="http://www.loc.gov/MARC21/slim"><record><leader>00402nam--2200133-i-4500</leader><controlfield tag="001">000019674</controlfield><controlfield tag="002">20161230</controlfield><controlfield tag="005">20161230201033</controlfield><controlfield tag="008">060222s1000------------r-----000-0-eng-d</controlfield><datafield ind1=" " ind2=" " tag="080"><subfield code="a">539.12.001:530.1(043)</subfield></datafield><datafield ind1=" " ind2=" " tag="100"><subfield code="a">Fayet, Pierre</subfield></datafield><datafield ind1=" " ind2=" " tag="245"><subfield code="a">Modeles unifies des interactions faibles et electromagnetique et theorie supersymetriques. these</subfield></datafield><datafield ind1=" " ind2=" " tag="260"><subfield code="a">Paris, L`Universite, 1976.   40 P</subfield></datafield><datafield ind1=" " ind2=" " tag="852"><subfield code="a">44954</subfield></datafield></record></collection>